<?xml version="1.0" encoding="UTF-8"?><collection xmlns="http://www.loc.gov/MARC21/slim"><record><leader>00403nam--2200157-i-4500</leader><controlfield tag="001">000013529</controlfield><controlfield tag="002">20161230</controlfield><controlfield tag="005">20170107001331</controlfield><controlfield tag="008">060222s1000------------r-----000-0-eng-d</controlfield><datafield ind1=" " ind2=" " tag="080"><subfield code="a">681.325.65</subfield></datafield><datafield ind1=" " ind2=" " tag="100"><subfield code="a">Barna, ©rp©Łd</subfield></datafield><datafield ind1=" " ind2=" " tag="245"><subfield code="a">High speed pulse and digital techniques</subfield></datafield><datafield ind1=" " ind2=" " tag="260"><subfield code="a">New York</subfield><subfield code="b">John Wiley And Sons</subfield><subfield code="c">1980</subfield></datafield><datafield ind1=" " ind2=" " tag="300"><subfield code="a">XII + 185 p</subfield></datafield><datafield ind1=" " ind2=" " tag="852"><subfield code="a">48889</subfield></datafield><datafield ind1=" " ind2=" " tag="CAT"><subfield code="a">SYS</subfield><subfield code="c">20170107</subfield><subfield code="h">001331</subfield></datafield></record></collection>